%%%%%%%%%%%%%%%%%%%%%%%%%%%%%%%%%%%%%%%%%%%%%%%%%%%%%%%%%%%%%%%%%%%%%%%%%%%%%%%%%%%
% References
%%%%%%%%%%%%%%%%%%%%%%%%%%%%%%%%%%%%%%%%%%%%%%%%%%%%%%%%%%%%%%%%%%%%%%%%%%%%%%%%%%%

@INPROCEEDINGS{Zhu2016,
  author =       {Leqi Zhu},
  title =        {A Tight Space Bound for Consensus},
  booktitle =    {STOC},
  year =         2016,
  note =        {To appear},
}

@INPROCEEDINGS{Zhu2015,
  author =       {Leqi Zhu},
  title =        {Brief Announcement: Tight Space Bounds for Memoryless Anonymous Consensus},
  booktitle =    {DISC},
  year =         2015,
  pages =        {665-666},
}
